%YAML 1.1
%TAG !u! tag:unity3d.com,2011:
--- !u!1 &1226640211867799835
GameObject:
  m_ObjectHideFlags: 0
  m_CorrespondingSourceObject: {fileID: 0}
  m_PrefabInstance: {fileID: 0}
  m_PrefabAsset: {fileID: 0}
  serializedVersion: 6
  m_Component:
  - component: {fileID: 3172570516200931688}
  - component: {fileID: 6180309058459212944}
  m_Layer: 0
  m_Name: input (15)
  m_TagString: Untagged
  m_Icon: {fileID: 0}
  m_NavMeshLayer: 0
  m_StaticEditorFlags: 0
  m_IsActive: 1
--- !u!4 &3172570516200931688
Transform:
  m_ObjectHideFlags: 0
  m_CorrespondingSourceObject: {fileID: 0}
  m_PrefabInstance: {fileID: 0}
  m_PrefabAsset: {fileID: 0}
  m_GameObject: {fileID: 1226640211867799835}
  m_LocalRotation: {x: -0, y: -0, z: -0, w: 1}
  m_LocalPosition: {x: 0, y: 0, z: 0}
  m_LocalScale: {x: 1, y: 1, z: 1}
  m_ConstrainProportionsScale: 0
  m_Children: []
  m_Father: {fileID: 267297678402717318}
  m_RootOrder: 14
  m_LocalEulerAnglesHint: {x: 0, y: 0, z: 0}
--- !u!114 &6180309058459212944
MonoBehaviour:
  m_ObjectHideFlags: 0
  m_CorrespondingSourceObject: {fileID: 0}
  m_PrefabInstance: {fileID: 0}
  m_PrefabAsset: {fileID: 0}
  m_GameObject: {fileID: 1226640211867799835}
  m_Enabled: 1
  m_EditorHideFlags: 0
  m_Script: {fileID: 11500000, guid: 7349621cb8fbb431d8579ae13ea2853c, type: 3}
  m_Name:
  m_EditorClassIdentifier:
  position: {x: 0.3, y: 0.8}
  pixelOffset: {x: 840, y: 0}
  width: 2
  identifier: 15
  description:
  overridePlaceholder: 0
  placeholder:
  overridePadding: 0
  padding: 10
  autoJumpOnLimit: 1
  suggestInputs: 0
  overrideColor: 0
  fieldColor: {r: 0.5, g: 0.5, b: 0.5, a: 1}
--- !u!1 &1641257367332918153
GameObject:
  m_ObjectHideFlags: 0
  m_CorrespondingSourceObject: {fileID: 0}
  m_PrefabInstance: {fileID: 0}
  m_PrefabAsset: {fileID: 0}
  serializedVersion: 6
  m_Component:
  - component: {fileID: 1035279591125310580}
  - component: {fileID: 3606821089589930855}
  m_Layer: 0
  m_Name: input (1)
  m_TagString: Untagged
  m_Icon: {fileID: 0}
  m_NavMeshLayer: 0
  m_StaticEditorFlags: 0
  m_IsActive: 1
--- !u!4 &1035279591125310580
Transform:
  m_ObjectHideFlags: 0
  m_CorrespondingSourceObject: {fileID: 0}
  m_PrefabInstance: {fileID: 0}
  m_PrefabAsset: {fileID: 0}
  m_GameObject: {fileID: 1641257367332918153}
  m_LocalRotation: {x: -0, y: -0, z: -0, w: 1}
  m_LocalPosition: {x: 0, y: 0, z: 0}
  m_LocalScale: {x: 1, y: 1, z: 1}
  m_ConstrainProportionsScale: 0
  m_Children: []
  m_Father: {fileID: 267297678402717318}
  m_RootOrder: 0
  m_LocalEulerAnglesHint: {x: 0, y: 0, z: 0}
--- !u!114 &3606821089589930855
MonoBehaviour:
  m_ObjectHideFlags: 0
  m_CorrespondingSourceObject: {fileID: 0}
  m_PrefabInstance: {fileID: 0}
  m_PrefabAsset: {fileID: 0}
  m_GameObject: {fileID: 1641257367332918153}
  m_Enabled: 1
  m_EditorHideFlags: 0
  m_Script: {fileID: 11500000, guid: 7349621cb8fbb431d8579ae13ea2853c, type: 3}
  m_Name:
  m_EditorClassIdentifier:
  position: {x: 0.3, y: 0.8}
  pixelOffset: {x: 0, y: 0}
  width: 2
  identifier: 1
  description:
  overridePlaceholder: 0
  placeholder:
  overridePadding: 0
  padding: 10
  autoJumpOnLimit: 1
  suggestInputs: 0
  overrideColor: 0
  fieldColor: {r: 0.5, g: 0.5, b: 0.5, a: 1}
--- !u!1 &1718782442578805368
GameObject:
  m_ObjectHideFlags: 0
  m_CorrespondingSourceObject: {fileID: 0}
  m_PrefabInstance: {fileID: 0}
  m_PrefabAsset: {fileID: 0}
  serializedVersion: 6
  m_Component:
  - component: {fileID: 8557047262139440868}
  - component: {fileID: 3417727463320217968}
  m_Layer: 0
  m_Name: input (7)
  m_TagString: Untagged
  m_Icon: {fileID: 0}
  m_NavMeshLayer: 0
  m_StaticEditorFlags: 0
  m_IsActive: 1
--- !u!4 &8557047262139440868
Transform:
  m_ObjectHideFlags: 0
  m_CorrespondingSourceObject: {fileID: 0}
  m_PrefabInstance: {fileID: 0}
  m_PrefabAsset: {fileID: 0}
  m_GameObject: {fileID: 1718782442578805368}
  m_LocalRotation: {x: -0, y: -0, z: -0, w: 1}
  m_LocalPosition: {x: 0, y: 0, z: 0}
  m_LocalScale: {x: 1, y: 1, z: 1}
  m_ConstrainProportionsScale: 0
  m_Children: []
  m_Father: {fileID: 267297678402717318}
  m_RootOrder: 6
  m_LocalEulerAnglesHint: {x: 0, y: 0, z: 0}
--- !u!114 &3417727463320217968
MonoBehaviour:
  m_ObjectHideFlags: 0
  m_CorrespondingSourceObject: {fileID: 0}
  m_PrefabInstance: {fileID: 0}
  m_PrefabAsset: {fileID: 0}
  m_GameObject: {fileID: 1718782442578805368}
  m_Enabled: 1
  m_EditorHideFlags: 0
  m_Script: {fileID: 11500000, guid: 7349621cb8fbb431d8579ae13ea2853c, type: 3}
  m_Name:
  m_EditorClassIdentifier:
  position: {x: 0.3, y: 0.8}
  pixelOffset: {x: 360, y: 0}
  width: 2
  identifier: 7
  description:
  overridePlaceholder: 0
  placeholder:
  overridePadding: 0
  padding: 10
  autoJumpOnLimit: 1
  suggestInputs: 0
  overrideColor: 0
  fieldColor: {r: 0.5, g: 0.5, b: 0.5, a: 1}
--- !u!1 &2460283248652658331
GameObject:
  m_ObjectHideFlags: 0
  m_CorrespondingSourceObject: {fileID: 0}
  m_PrefabInstance: {fileID: 0}
  m_PrefabAsset: {fileID: 0}
  serializedVersion: 6
  m_Component:
  - component: {fileID: 1246922899574621762}
  - component: {fileID: 8387006488474919612}
  m_Layer: 0
  m_Name: input (16)
  m_TagString: Untagged
  m_Icon: {fileID: 0}
  m_NavMeshLayer: 0
  m_StaticEditorFlags: 0
  m_IsActive: 1
--- !u!4 &1246922899574621762
Transform:
  m_ObjectHideFlags: 0
  m_CorrespondingSourceObject: {fileID: 0}
  m_PrefabInstance: {fileID: 0}
  m_PrefabAsset: {fileID: 0}
  m_GameObject: {fileID: 2460283248652658331}
  m_LocalRotation: {x: -0, y: -0, z: -0, w: 1}
  m_LocalPosition: {x: 0, y: 0, z: 0}
  m_LocalScale: {x: 1, y: 1, z: 1}
  m_ConstrainProportionsScale: 0
  m_Children: []
  m_Father: {fileID: 267297678402717318}
  m_RootOrder: 15
  m_LocalEulerAnglesHint: {x: 0, y: 0, z: 0}
--- !u!114 &8387006488474919612
MonoBehaviour:
  m_ObjectHideFlags: 0
  m_CorrespondingSourceObject: {fileID: 0}
  m_PrefabInstance: {fileID: 0}
  m_PrefabAsset: {fileID: 0}
  m_GameObject: {fileID: 2460283248652658331}
  m_Enabled: 1
  m_EditorHideFlags: 0
  m_Script: {fileID: 11500000, guid: 7349621cb8fbb431d8579ae13ea2853c, type: 3}
  m_Name:
  m_EditorClassIdentifier:
  position: {x: 0.3, y: 0.8}
  pixelOffset: {x: 900, y: 0}
  width: 2
  identifier: 16
  description:
  overridePlaceholder: 0
  placeholder:
  overridePadding: 0
  padding: 10
  autoJumpOnLimit: 1
  suggestInputs: 0
  overrideColor: 0
  fieldColor: {r: 0.5, g: 0.5, b: 0.5, a: 1}
--- !u!1 &2710833989767212436
GameObject:
  m_ObjectHideFlags: 0
  m_CorrespondingSourceObject: {fileID: 0}
  m_PrefabInstance: {fileID: 0}
  m_PrefabAsset: {fileID: 0}
  serializedVersion: 6
  m_Component:
  - component: {fileID: 4729164675915393400}
  - component: {fileID: 2001324426248125493}
  m_Layer: 0
  m_Name: input (12)
  m_TagString: Untagged
  m_Icon: {fileID: 0}
  m_NavMeshLayer: 0
  m_StaticEditorFlags: 0
  m_IsActive: 1
--- !u!4 &4729164675915393400
Transform:
  m_ObjectHideFlags: 0
  m_CorrespondingSourceObject: {fileID: 0}
  m_PrefabInstance: {fileID: 0}
  m_PrefabAsset: {fileID: 0}
  m_GameObject: {fileID: 2710833989767212436}
  m_LocalRotation: {x: -0, y: -0, z: -0, w: 1}
  m_LocalPosition: {x: 0, y: 0, z: 0}
  m_LocalScale: {x: 1, y: 1, z: 1}
  m_ConstrainProportionsScale: 0
  m_Children: []
  m_Father: {fileID: 267297678402717318}
  m_RootOrder: 11
  m_LocalEulerAnglesHint: {x: 0, y: 0, z: 0}
--- !u!114 &2001324426248125493
MonoBehaviour:
  m_ObjectHideFlags: 0
  m_CorrespondingSourceObject: {fileID: 0}
  m_PrefabInstance: {fileID: 0}
  m_PrefabAsset: {fileID: 0}
  m_GameObject: {fileID: 2710833989767212436}
  m_Enabled: 1
  m_EditorHideFlags: 0
  m_Script: {fileID: 11500000, guid: 7349621cb8fbb431d8579ae13ea2853c, type: 3}
  m_Name:
  m_EditorClassIdentifier:
  position: {x: 0.3, y: 0.8}
  pixelOffset: {x: 660, y: 0}
  width: 2
  identifier: 12
  description:
  overridePlaceholder: 0
  placeholder:
  overridePadding: 0
  padding: 10
  autoJumpOnLimit: 1
  suggestInputs: 0
  overrideColor: 0
  fieldColor: {r: 0.5, g: 0.5, b: 0.5, a: 1}
--- !u!1 &2721197476698519192
GameObject:
  m_ObjectHideFlags: 0
  m_CorrespondingSourceObject: {fileID: 0}
  m_PrefabInstance: {fileID: 0}
  m_PrefabAsset: {fileID: 0}
  serializedVersion: 6
  m_Component:
  - component: {fileID: 8143956646280045411}
  - component: {fileID: 6276677880142685865}
  m_Layer: 0
  m_Name: input (2)
  m_TagString: Untagged
  m_Icon: {fileID: 0}
  m_NavMeshLayer: 0
  m_StaticEditorFlags: 0
  m_IsActive: 1
--- !u!4 &8143956646280045411
Transform:
  m_ObjectHideFlags: 0
  m_CorrespondingSourceObject: {fileID: 0}
  m_PrefabInstance: {fileID: 0}
  m_PrefabAsset: {fileID: 0}
  m_GameObject: {fileID: 2721197476698519192}
  m_LocalRotation: {x: -0, y: -0, z: -0, w: 1}
  m_LocalPosition: {x: 0, y: 0, z: 0}
  m_LocalScale: {x: 1, y: 1, z: 1}
  m_ConstrainProportionsScale: 0
  m_Children: []
  m_Father: {fileID: 267297678402717318}
  m_RootOrder: 1
  m_LocalEulerAnglesHint: {x: 0, y: 0, z: 0}
--- !u!114 &6276677880142685865
MonoBehaviour:
  m_ObjectHideFlags: 0
  m_CorrespondingSourceObject: {fileID: 0}
  m_PrefabInstance: {fileID: 0}
  m_PrefabAsset: {fileID: 0}
  m_GameObject: {fileID: 2721197476698519192}
  m_Enabled: 1
  m_EditorHideFlags: 0
  m_Script: {fileID: 11500000, guid: 7349621cb8fbb431d8579ae13ea2853c, type: 3}
  m_Name:
  m_EditorClassIdentifier:
  position: {x: 0.3, y: 0.8}
  pixelOffset: {x: 60, y: 0}
  width: 2
  identifier: 2
  description:
  overridePlaceholder: 0
  placeholder:
  overridePadding: 0
  padding: 10
  autoJumpOnLimit: 1
  suggestInputs: 0
  overrideColor: 0
  fieldColor: {r: 0.5, g: 0.5, b: 0.5, a: 1}
--- !u!1 &3858114006478999490
GameObject:
  m_ObjectHideFlags: 0
  m_CorrespondingSourceObject: {fileID: 0}
  m_PrefabInstance: {fileID: 0}
  m_PrefabAsset: {fileID: 0}
  serializedVersion: 6
  m_Component:
  - component: {fileID: 267297678402717318}
  - component: {fileID: 6440819858257077274}
  m_Layer: 0
  m_Name: input take
  m_TagString: Untagged
  m_Icon: {fileID: 0}
  m_NavMeshLayer: 0
  m_StaticEditorFlags: 0
  m_IsActive: 1
--- !u!4 &267297678402717318
Transform:
  m_ObjectHideFlags: 0
  m_CorrespondingSourceObject: {fileID: 0}
  m_PrefabInstance: {fileID: 0}
  m_PrefabAsset: {fileID: 0}
  m_GameObject: {fileID: 3858114006478999490}
  m_LocalRotation: {x: 0, y: 0, z: 0, w: 1}
  m_LocalPosition: {x: 0, y: 0, z: 0}
  m_LocalScale: {x: 1, y: 1, z: 1}
  m_ConstrainProportionsScale: 0
  m_Children:
  - {fileID: 1035279591125310580}
  - {fileID: 8143956646280045411}
  - {fileID: 6490309978855722929}
  - {fileID: 3898843315410563936}
  - {fileID: 225621570984210667}
  - {fileID: 957810557250122955}
  - {fileID: 8557047262139440868}
  - {fileID: 7690491884476297459}
  - {fileID: 1362623188494314254}
  - {fileID: 1339879176897335123}
  - {fileID: 2377471811200677876}
  - {fileID: 4729164675915393400}
  - {fileID: 2497021477033020892}
  - {fileID: 770794465040466222}
  - {fileID: 3172570516200931688}
  - {fileID: 1246922899574621762}
  m_Father: {fileID: 0}
  m_RootOrder: 0
  m_LocalEulerAnglesHint: {x: 0, y: 0, z: 0}
--- !u!114 &6440819858257077274
MonoBehaviour:
  m_ObjectHideFlags: 0
  m_CorrespondingSourceObject: {fileID: 0}
  m_PrefabInstance: {fileID: 0}
  m_PrefabAsset: {fileID: 0}
  m_GameObject: {fileID: 3858114006478999490}
  m_Enabled: 1
  m_EditorHideFlags: 0
  m_Script: {fileID: 11500000, guid: ea49874f1b2db409ebddeaf85a49e3a2, type: 3}
  m_Name:
  m_EditorClassIdentifier:
  referenced: {fileID: 0}
  type: 0
  scene: {fileID: 0}
  document: {fileID: 0}
  video: {fileID: 32900000, guid: 8d37a696a27a945f389c5cb75a048a2f, type: 3}
  isImportant: 0
  hasConfirmation: 1
  isConfirmationExclusive: 0
  hasOverlayText: 0
  overlayText: 'Eine wackelige Animation.

    Bitte nicht schwindelig werden!'
  hasJump: 0
  overrideNext: 0
  next: {fileID: 0}
  hideMediaControls: 0
  haltAfterPlayback: 0
  message: Confirm Choice
  dialogPosition: {x: 1, y: 0}
  overlayTextPosition: {x: 0.5, y: 0}
  overrideToggleColor: 0
  toggleColor: {r: 0, g: 0.7, b: 0.1, a: 1}
  overrideToggleSize: 0
  toggleSize: 1
  hasBackground: 0
  background: {fileID: 0}
  isChapter: 0
  chapterDescription: Identifikation
--- !u!1 &4543687668523071756
GameObject:
  m_ObjectHideFlags: 0
  m_CorrespondingSourceObject: {fileID: 0}
  m_PrefabInstance: {fileID: 0}
  m_PrefabAsset: {fileID: 0}
  serializedVersion: 6
  m_Component:
  - component: {fileID: 225621570984210667}
  - component: {fileID: 7813966325034985793}
  m_Layer: 0
  m_Name: input (5)
  m_TagString: Untagged
  m_Icon: {fileID: 0}
  m_NavMeshLayer: 0
  m_StaticEditorFlags: 0
  m_IsActive: 1
--- !u!4 &225621570984210667
Transform:
  m_ObjectHideFlags: 0
  m_CorrespondingSourceObject: {fileID: 0}
  m_PrefabInstance: {fileID: 0}
  m_PrefabAsset: {fileID: 0}
  m_GameObject: {fileID: 4543687668523071756}
  m_LocalRotation: {x: -0, y: -0, z: -0, w: 1}
  m_LocalPosition: {x: 0, y: 0, z: 0}
  m_LocalScale: {x: 1, y: 1, z: 1}
  m_ConstrainProportionsScale: 0
  m_Children: []
  m_Father: {fileID: 267297678402717318}
  m_RootOrder: 4
  m_LocalEulerAnglesHint: {x: 0, y: 0, z: 0}
--- !u!114 &7813966325034985793
MonoBehaviour:
  m_ObjectHideFlags: 0
  m_CorrespondingSourceObject: {fileID: 0}
  m_PrefabInstance: {fileID: 0}
  m_PrefabAsset: {fileID: 0}
  m_GameObject: {fileID: 4543687668523071756}
  m_Enabled: 1
  m_EditorHideFlags: 0
  m_Script: {fileID: 11500000, guid: 7349621cb8fbb431d8579ae13ea2853c, type: 3}
  m_Name:
  m_EditorClassIdentifier:
  position: {x: 0.3, y: 0.8}
  pixelOffset: {x: 240, y: 0}
  width: 2
  identifier: 5
  description:
  overridePlaceholder: 0
  placeholder:
  overridePadding: 0
  padding: 10
  autoJumpOnLimit: 1
  suggestInputs: 0
  overrideColor: 1
  fieldColor: {r: 0.3773585, g: 0.24385902, b: 0.24385902, a: 1}
--- !u!1 &4550589915338293366
GameObject:
  m_ObjectHideFlags: 0
  m_CorrespondingSourceObject: {fileID: 0}
  m_PrefabInstance: {fileID: 0}
  m_PrefabAsset: {fileID: 0}
  serializedVersion: 6
  m_Component:
  - component: {fileID: 6490309978855722929}
  - component: {fileID: 6033327342212673171}
  m_Layer: 0
  m_Name: input (3)
  m_TagString: Untagged
  m_Icon: {fileID: 0}
  m_NavMeshLayer: 0
  m_StaticEditorFlags: 0
  m_IsActive: 1
--- !u!4 &6490309978855722929
Transform:
  m_ObjectHideFlags: 0
  m_CorrespondingSourceObject: {fileID: 0}
  m_PrefabInstance: {fileID: 0}
  m_PrefabAsset: {fileID: 0}
  m_GameObject: {fileID: 4550589915338293366}
  m_LocalRotation: {x: -0, y: -0, z: -0, w: 1}
  m_LocalPosition: {x: 0, y: 0, z: 0}
  m_LocalScale: {x: 1, y: 1, z: 1}
  m_ConstrainProportionsScale: 0
  m_Children: []
  m_Father: {fileID: 267297678402717318}
  m_RootOrder: 2
  m_LocalEulerAnglesHint: {x: 0, y: 0, z: 0}
--- !u!114 &6033327342212673171
MonoBehaviour:
  m_ObjectHideFlags: 0
  m_CorrespondingSourceObject: {fileID: 0}
  m_PrefabInstance: {fileID: 0}
  m_PrefabAsset: {fileID: 0}
  m_GameObject: {fileID: 4550589915338293366}
  m_Enabled: 1
  m_EditorHideFlags: 0
  m_Script: {fileID: 11500000, guid: 7349621cb8fbb431d8579ae13ea2853c, type: 3}
  m_Name:
  m_EditorClassIdentifier:
  position: {x: 0.3, y: 0.8}
  pixelOffset: {x: 120, y: 0}
  width: 2
  identifier: 3
  description:
  overridePlaceholder: 0
  placeholder:
  overridePadding: 0
  padding: 10
  autoJumpOnLimit: 1
  suggestInputs: 0
  overrideColor: 0
  fieldColor: {r: 0.5, g: 0.5, b: 0.5, a: 1}
--- !u!1 &4643806912094335697
GameObject:
  m_ObjectHideFlags: 0
  m_CorrespondingSourceObject: {fileID: 0}
  m_PrefabInstance: {fileID: 0}
  m_PrefabAsset: {fileID: 0}
  serializedVersion: 6
  m_Component:
  - component: {fileID: 2497021477033020892}
  - component: {fileID: 6889991668684960016}
  m_Layer: 0
  m_Name: input (13)
  m_TagString: Untagged
  m_Icon: {fileID: 0}
  m_NavMeshLayer: 0
  m_StaticEditorFlags: 0
  m_IsActive: 1
--- !u!4 &2497021477033020892
Transform:
  m_ObjectHideFlags: 0
  m_CorrespondingSourceObject: {fileID: 0}
  m_PrefabInstance: {fileID: 0}
  m_PrefabAsset: {fileID: 0}
  m_GameObject: {fileID: 4643806912094335697}
  m_LocalRotation: {x: -0, y: -0, z: -0, w: 1}
  m_LocalPosition: {x: 0, y: 0, z: 0}
  m_LocalScale: {x: 1, y: 1, z: 1}
  m_ConstrainProportionsScale: 0
  m_Children: []
  m_Father: {fileID: 267297678402717318}
  m_RootOrder: 12
  m_LocalEulerAnglesHint: {x: 0, y: 0, z: 0}
--- !u!114 &6889991668684960016
MonoBehaviour:
  m_ObjectHideFlags: 0
  m_CorrespondingSourceObject: {fileID: 0}
  m_PrefabInstance: {fileID: 0}
  m_PrefabAsset: {fileID: 0}
  m_GameObject: {fileID: 4643806912094335697}
  m_Enabled: 1
  m_EditorHideFlags: 0
  m_Script: {fileID: 11500000, guid: 7349621cb8fbb431d8579ae13ea2853c, type: 3}
  m_Name:
  m_EditorClassIdentifier:
  position: {x: 0.3, y: 0.8}
  pixelOffset: {x: 720, y: 0}
  width: 2
  identifier: 13
  description:
  overridePlaceholder: 0
  placeholder:
  overridePadding: 0
  padding: 10
  autoJumpOnLimit: 1
  suggestInputs: 0
  overrideColor: 0
  fieldColor: {r: 0.5, g: 0.5, b: 0.5, a: 1}
--- !u!1 &5039531989684062203
GameObject:
  m_ObjectHideFlags: 0
  m_CorrespondingSourceObject: {fileID: 0}
  m_PrefabInstance: {fileID: 0}
  m_PrefabAsset: {fileID: 0}
  serializedVersion: 6
  m_Component:
  - component: {fileID: 957810557250122955}
  - component: {fileID: 8532662600928308518}
  m_Layer: 0
  m_Name: input (6)
  m_TagString: Untagged
  m_Icon: {fileID: 0}
  m_NavMeshLayer: 0
  m_StaticEditorFlags: 0
  m_IsActive: 1
--- !u!4 &957810557250122955
Transform:
  m_ObjectHideFlags: 0
  m_CorrespondingSourceObject: {fileID: 0}
  m_PrefabInstance: {fileID: 0}
  m_PrefabAsset: {fileID: 0}
  m_GameObject: {fileID: 5039531989684062203}
  m_LocalRotation: {x: -0, y: -0, z: -0, w: 1}
  m_LocalPosition: {x: 0, y: 0, z: 0}
  m_LocalScale: {x: 1, y: 1, z: 1}
  m_ConstrainProportionsScale: 0
  m_Children: []
  m_Father: {fileID: 267297678402717318}
  m_RootOrder: 5
  m_LocalEulerAnglesHint: {x: 0, y: 0, z: 0}
--- !u!114 &8532662600928308518
MonoBehaviour:
  m_ObjectHideFlags: 0
  m_CorrespondingSourceObject: {fileID: 0}
  m_PrefabInstance: {fileID: 0}
  m_PrefabAsset: {fileID: 0}
  m_GameObject: {fileID: 5039531989684062203}
  m_Enabled: 1
  m_EditorHideFlags: 0
  m_Script: {fileID: 11500000, guid: 7349621cb8fbb431d8579ae13ea2853c, type: 3}
  m_Name:
  m_EditorClassIdentifier:
  position: {x: 0.3, y: 0.8}
  pixelOffset: {x: 300, y: 0}
  width: 2
  identifier: 6
  description:
  overridePlaceholder: 0
  placeholder:
  overridePadding: 0
  padding: 10
  autoJumpOnLimit: 1
  suggestInputs: 0
  overrideColor: 0
  fieldColor: {r: 0.5, g: 0.5, b: 0.5, a: 1}
--- !u!1 &5908240207320172787
GameObject:
  m_ObjectHideFlags: 0
  m_CorrespondingSourceObject: {fileID: 0}
  m_PrefabInstance: {fileID: 0}
  m_PrefabAsset: {fileID: 0}
  serializedVersion: 6
  m_Component:
  - component: {fileID: 2377471811200677876}
  - component: {fileID: 669817833510821101}
  m_Layer: 0
  m_Name: input (11)
  m_TagString: Untagged
  m_Icon: {fileID: 0}
  m_NavMeshLayer: 0
  m_StaticEditorFlags: 0
  m_IsActive: 1
--- !u!4 &2377471811200677876
Transform:
  m_ObjectHideFlags: 0
  m_CorrespondingSourceObject: {fileID: 0}
  m_PrefabInstance: {fileID: 0}
  m_PrefabAsset: {fileID: 0}
  m_GameObject: {fileID: 5908240207320172787}
  m_LocalRotation: {x: -0, y: -0, z: -0, w: 1}
  m_LocalPosition: {x: 0, y: 0, z: 0}
  m_LocalScale: {x: 1, y: 1, z: 1}
  m_ConstrainProportionsScale: 0
  m_Children: []
  m_Father: {fileID: 267297678402717318}
  m_RootOrder: 10
  m_LocalEulerAnglesHint: {x: 0, y: 0, z: 0}
--- !u!114 &669817833510821101
MonoBehaviour:
  m_ObjectHideFlags: 0
  m_CorrespondingSourceObject: {fileID: 0}
  m_PrefabInstance: {fileID: 0}
  m_PrefabAsset: {fileID: 0}
  m_GameObject: {fileID: 5908240207320172787}
  m_Enabled: 1
  m_EditorHideFlags: 0
  m_Script: {fileID: 11500000, guid: 7349621cb8fbb431d8579ae13ea2853c, type: 3}
  m_Name:
  m_EditorClassIdentifier:
  position: {x: 0.3, y: 0.8}
  pixelOffset: {x: 600, y: 0}
  width: 2
  identifier: 11
  description:
  overridePlaceholder: 0
  placeholder:
  overridePadding: 0
  padding: 10
  autoJumpOnLimit: 1
  suggestInputs: 0
  overrideColor: 0
  fieldColor: {r: 0.5, g: 0.5, b: 0.5, a: 1}
--- !u!1 &6118545783979225181
GameObject:
  m_ObjectHideFlags: 0
  m_CorrespondingSourceObject: {fileID: 0}
  m_PrefabInstance: {fileID: 0}
  m_PrefabAsset: {fileID: 0}
  serializedVersion: 6
  m_Component:
  - component: {fileID: 1362623188494314254}
  - component: {fileID: 3411982576891070047}
  m_Layer: 0
  m_Name: input (9)
  m_TagString: Untagged
  m_Icon: {fileID: 0}
  m_NavMeshLayer: 0
  m_StaticEditorFlags: 0
  m_IsActive: 1
--- !u!4 &1362623188494314254
Transform:
  m_ObjectHideFlags: 0
  m_CorrespondingSourceObject: {fileID: 0}
  m_PrefabInstance: {fileID: 0}
  m_PrefabAsset: {fileID: 0}
  m_GameObject: {fileID: 6118545783979225181}
  m_LocalRotation: {x: -0, y: -0, z: -0, w: 1}
  m_LocalPosition: {x: 0, y: 0, z: 0}
  m_LocalScale: {x: 1, y: 1, z: 1}
  m_ConstrainProportionsScale: 0
  m_Children: []
  m_Father: {fileID: 267297678402717318}
  m_RootOrder: 8
  m_LocalEulerAnglesHint: {x: 0, y: 0, z: 0}
--- !u!114 &3411982576891070047
MonoBehaviour:
  m_ObjectHideFlags: 0
  m_CorrespondingSourceObject: {fileID: 0}
  m_PrefabInstance: {fileID: 0}
  m_PrefabAsset: {fileID: 0}
  m_GameObject: {fileID: 6118545783979225181}
  m_Enabled: 1
  m_EditorHideFlags: 0
  m_Script: {fileID: 11500000, guid: 7349621cb8fbb431d8579ae13ea2853c, type: 3}
  m_Name:
  m_EditorClassIdentifier:
  position: {x: 0.3, y: 0.8}
  pixelOffset: {x: 480, y: 0}
  width: 2
  identifier: 9
  description:
  overridePlaceholder: 0
  placeholder:
  overridePadding: 0
  padding: 10
  autoJumpOnLimit: 1
  suggestInputs: 0
  overrideColor: 0
  fieldColor: {r: 0.5, g: 0.5, b: 0.5, a: 1}
--- !u!1 &6149425909240899418
GameObject:
  m_ObjectHideFlags: 0
  m_CorrespondingSourceObject: {fileID: 0}
  m_PrefabInstance: {fileID: 0}
  m_PrefabAsset: {fileID: 0}
  serializedVersion: 6
  m_Component:
  - component: {fileID: 7690491884476297459}
  - component: {fileID: 3383061881270057226}
  m_Layer: 0
  m_Name: input (8)
  m_TagString: Untagged
  m_Icon: {fileID: 0}
  m_NavMeshLayer: 0
  m_StaticEditorFlags: 0
  m_IsActive: 1
--- !u!4 &7690491884476297459
Transform:
  m_ObjectHideFlags: 0
  m_CorrespondingSourceObject: {fileID: 0}
  m_PrefabInstance: {fileID: 0}
  m_PrefabAsset: {fileID: 0}
  m_GameObject: {fileID: 6149425909240899418}
  m_LocalRotation: {x: -0, y: -0, z: -0, w: 1}
  m_LocalPosition: {x: 0, y: 0, z: 0}
  m_LocalScale: {x: 1, y: 1, z: 1}
  m_ConstrainProportionsScale: 0
  m_Children: []
  m_Father: {fileID: 267297678402717318}
  m_RootOrder: 7
  m_LocalEulerAnglesHint: {x: 0, y: 0, z: 0}
--- !u!114 &3383061881270057226
MonoBehaviour:
  m_ObjectHideFlags: 0
  m_CorrespondingSourceObject: {fileID: 0}
  m_PrefabInstance: {fileID: 0}
  m_PrefabAsset: {fileID: 0}
  m_GameObject: {fileID: 6149425909240899418}
  m_Enabled: 1
  m_EditorHideFlags: 0
  m_Script: {fileID: 11500000, guid: 7349621cb8fbb431d8579ae13ea2853c, type: 3}
  m_Name:
  m_EditorClassIdentifier:
  position: {x: 0.3, y: 0.8}
  pixelOffset: {x: 420, y: 0}
  width: 2
  identifier: 8
  description:
  overridePlaceholder: 0
  placeholder:
  overridePadding: 0
  padding: 10
  autoJumpOnLimit: 1
  suggestInputs: 0
  overrideColor: 0
  fieldColor: {r: 0.5, g: 0.5, b: 0.5, a: 1}
--- !u!1 &6826819782677113128
GameObject:
  m_ObjectHideFlags: 0
  m_CorrespondingSourceObject: {fileID: 0}
  m_PrefabInstance: {fileID: 0}
  m_PrefabAsset: {fileID: 0}
  serializedVersion: 6
  m_Component:
  - component: {fileID: 770794465040466222}
  - component: {fileID: 6935401233475983433}
  m_Layer: 0
  m_Name: input (14)
  m_TagString: Untagged
  m_Icon: {fileID: 0}
  m_NavMeshLayer: 0
  m_StaticEditorFlags: 0
  m_IsActive: 1
--- !u!4 &770794465040466222
Transform:
  m_ObjectHideFlags: 0
  m_CorrespondingSourceObject: {fileID: 0}
  m_PrefabInstance: {fileID: 0}
  m_PrefabAsset: {fileID: 0}
  m_GameObject: {fileID: 6826819782677113128}
  m_LocalRotation: {x: -0, y: -0, z: -0, w: 1}
  m_LocalPosition: {x: 0, y: 0, z: 0}
  m_LocalScale: {x: 1, y: 1, z: 1}
  m_ConstrainProportionsScale: 0
  m_Children: []
  m_Father: {fileID: 267297678402717318}
  m_RootOrder: 13
  m_LocalEulerAnglesHint: {x: 0, y: 0, z: 0}
--- !u!114 &6935401233475983433
MonoBehaviour:
  m_ObjectHideFlags: 0
  m_CorrespondingSourceObject: {fileID: 0}
  m_PrefabInstance: {fileID: 0}
  m_PrefabAsset: {fileID: 0}
  m_GameObject: {fileID: 6826819782677113128}
  m_Enabled: 1
  m_EditorHideFlags: 0
  m_Script: {fileID: 11500000, guid: 7349621cb8fbb431d8579ae13ea2853c, type: 3}
  m_Name:
  m_EditorClassIdentifier:
  position: {x: 0.3, y: 0.8}
  pixelOffset: {x: 780, y: 0}
  width: 2
  identifier: 14
  description:
  overridePlaceholder: 0
  placeholder:
  overridePadding: 0
  padding: 10
  autoJumpOnLimit: 1
  suggestInputs: 0
  overrideColor: 0
  fieldColor: {r: 0.5, g: 0.5, b: 0.5, a: 1}
--- !u!1 &6944398367088942732
GameObject:
  m_ObjectHideFlags: 0
  m_CorrespondingSourceObject: {fileID: 0}
  m_PrefabInstance: {fileID: 0}
  m_PrefabAsset: {fileID: 0}
  serializedVersion: 6
  m_Component:
  - component: {fileID: 3898843315410563936}
  - component: {fileID: 205681001281855052}
  m_Layer: 0
  m_Name: input (4)
  m_TagString: Untagged
  m_Icon: {fileID: 0}
  m_NavMeshLayer: 0
  m_StaticEditorFlags: 0
  m_IsActive: 1
--- !u!4 &3898843315410563936
Transform:
  m_ObjectHideFlags: 0
  m_CorrespondingSourceObject: {fileID: 0}
  m_PrefabInstance: {fileID: 0}
  m_PrefabAsset: {fileID: 0}
  m_GameObject: {fileID: 6944398367088942732}
  m_LocalRotation: {x: -0, y: -0, z: -0, w: 1}
  m_LocalPosition: {x: 0, y: 0, z: 0}
  m_LocalScale: {x: 1, y: 1, z: 1}
  m_ConstrainProportionsScale: 0
  m_Children: []
  m_Father: {fileID: 267297678402717318}
  m_RootOrder: 3
  m_LocalEulerAnglesHint: {x: 0, y: 0, z: 0}
--- !u!114 &205681001281855052
MonoBehaviour:
  m_ObjectHideFlags: 0
  m_CorrespondingSourceObject: {fileID: 0}
  m_PrefabInstance: {fileID: 0}
  m_PrefabAsset: {fileID: 0}
  m_GameObject: {fileID: 6944398367088942732}
  m_Enabled: 1
  m_EditorHideFlags: 0
  m_Script: {fileID: 11500000, guid: 7349621cb8fbb431d8579ae13ea2853c, type: 3}
  m_Name:
  m_EditorClassIdentifier:
  position: {x: 0.3, y: 0.8}
  pixelOffset: {x: 180, y: 0}
  width: 2
  identifier: 4
  description:
  overridePlaceholder: 0
  placeholder:
  overridePadding: 0
  padding: 10
  autoJumpOnLimit: 1
  suggestInputs: 0
  overrideColor: 1
  fieldColor: {r: 0.3773585, g: 0.24385902, b: 0.24385902, a: 1}
--- !u!1 &7029144248847020405
GameObject:
  m_ObjectHideFlags: 0
  m_CorrespondingSourceObject: {fileID: 0}
  m_PrefabInstance: {fileID: 0}
  m_PrefabAsset: {fileID: 0}
  serializedVersion: 6
  m_Component:
  - component: {fileID: 1339879176897335123}
  - component: {fileID: 1291315853066543902}
  m_Layer: 0
  m_Name: input (10)
  m_TagString: Untagged
  m_Icon: {fileID: 0}
  m_NavMeshLayer: 0
  m_StaticEditorFlags: 0
  m_IsActive: 1
--- !u!4 &1339879176897335123
Transform:
  m_ObjectHideFlags: 0
  m_CorrespondingSourceObject: {fileID: 0}
  m_PrefabInstance: {fileID: 0}
  m_PrefabAsset: {fileID: 0}
  m_GameObject: {fileID: 7029144248847020405}
  m_LocalRotation: {x: -0, y: -0, z: -0, w: 1}
  m_LocalPosition: {x: 0, y: 0, z: 0}
  m_LocalScale: {x: 1, y: 1, z: 1}
  m_ConstrainProportionsScale: 0
  m_Children: []
  m_Father: {fileID: 267297678402717318}
  m_RootOrder: 9
  m_LocalEulerAnglesHint: {x: 0, y: 0, z: 0}
--- !u!114 &1291315853066543902
MonoBehaviour:
  m_ObjectHideFlags: 0
  m_CorrespondingSourceObject: {fileID: 0}
  m_PrefabInstance: {fileID: 0}
  m_PrefabAsset: {fileID: 0}
  m_GameObject: {fileID: 7029144248847020405}
  m_Enabled: 1
  m_EditorHideFlags: 0
  m_Script: {fileID: 11500000, guid: 7349621cb8fbb431d8579ae13ea2853c, type: 3}
  m_Name:
  m_EditorClassIdentifier:
  position: {x: 0.3, y: 0.8}
  pixelOffset: {x: 540, y: 0}
  width: 2
  identifier: 10
  description:
  overridePlaceholder: 0
  placeholder:
  overridePadding: 0
  padding: 10
  autoJumpOnLimit: 1
  suggestInputs: 0
  overrideColor: 0
  fieldColor: {r: 0.5, g: 0.5, b: 0.5, a: 1}
